@Article{Einstein,
  author =       "Albert Einstein",
  title =        "{Zur Elektrodynamik bewegter K{\"o}rper}. ({German})
                 [{On} the electrodynamics of moving bodies]",
  journal =      "Annalen der Physik",
  volume =       "322",
  number =       "10",
  pages =        "891--921",
  year =         "1905",
  DOI =          "http://dx.doi.org/10.1002/andp.19053221004"
} 
@TechReport{anflod,
    title = {ANNUAL FLOOD REPORT 2014},
    year = {2014},
    author ={{Flood Forecasting and Warning Centre, Bangladesh Water Development Board}}
}
@misc{disaster,
  Author= {{Bangladesh Bureau of Statistics}},
  Publisher = {{Bangladesh Bureau of Statistics}},
  Title = {{Bangladesh Disaster Related Statistics 2015. Climate Change and Natural Disaster Perspectives}},
  howpublished = "\url{http://www.indiaenvironmentportal.org.in/files/file/Disaster_Climate_Statistics.pdf}",
  Year = {2015}}
@misc{disasterdist,
  Author= {{Center for Excellence in Disaster Management \& Humanitarian Assistance}},
  Publisher = {{Center for Excellence in Disaster Management \& Humanitarian Assistance}},
  Title = {{Bangladesh Disaster Management Reference Handbook 2017}},
  howpublished = "\url{https://www.cfe-dmha.org/LinkClick.aspx?fileticket=p1nOVyZSxVg%3d&portalid=0}",
  Year = {2017}}
@misc{statyear,
  Author= {{Bangladesh Bureau of Statistics}},
  Publisher = {{Bangladesh Bureau of Statistics}},
  Title = {{District Statistics 2011}},
  howpublished = "\url{http://www.bbs.gov.bd/site/page/2888a55d-d686-4736-bad0-54b70462afda/District-Statistics}",
  Year = {2015}}
@misc{hydrodata,
  Author= {{Bangladesh Water Development Board (BWDB)}},
  Publisher = {{Bangladesh Water Development Board (BWDB)}},
  Title = {{Processing and Flood Forecasting Circle, Bangladesh Water Development Board}},
  howpublished = "\url{http://www.hydrology.bwdb.gov.bd}",
  Year = {2015}}
@misc{disstat,
  Author= {{Bangladesh Bureau of Statistics}},
  Publisher = {{Bangladesh Bureau of Statistics}},
  Title = {{Statistical Year Book Bangladesh 2015}},
  howpublished = "\url{http://203.112.218.65:8008/WebTestApplication/userfiles/Image/SubjectMatterDataIndex/YearBook15.pdf}",
  Year = {2015}}
  
@article{merz2013multi,
  title={Multi-variate flood damage assessment: a tree-based data-mining approach},
  author={Merz, B and Kreibich, H and Lall, U},
  journal={Natural Hazards and Earth System Sciences},
  volume={13},
  number={1},
  pages={53--64},
  year={2013},
  publisher={Copernicus GmbH}
}
@article{thieken2005flood,
  title={Flood damage and influencing factors: New insights from the August 2002 flood in Germany},
  author={Thieken, Annegret H and M{\"u}ller, Meike and Kreibich, Heidi and Merz, Bruno},
  journal={Water resources research},
  volume={41},
  number={12},
  year={2005},
  publisher={Wiley Online Library}
}
@article{zhai2005modeling,
  title={Modeling flood damage: case of Tokai Flood 2000},
  author={Zhai, Guofang and Fukuzono, Teruki and Ikeda, Saburo},
  journal={JAWRA Journal of the American Water Resources Association},
  volume={41},
  number={1},
  pages={77--92},
  year={2005},
  publisher={Wiley Online Library}
}
@article{tingsanchali2005flood,
  title={Flood hazard and risk analysis in the southwest region of Bangladesh},
  author={Tingsanchali, Tawatchai and Karim, Mohammed Fazlul},
  journal={Hydrological Processes: An International Journal},
  volume={19},
  number={10},
  pages={2055--2069},
  year={2005},
  publisher={Wiley Online Library}
}
@article{dewan2007evaluating,
  title={Evaluating flood hazard for land-use planning in Greater Dhaka of Bangladesh using remote sensing and GIS techniques},
  author={Dewan, Ashraf M and Islam, M Monirul and Kumamoto, T and Nishigaki, M},
  journal={Water resources management},
  volume={21},
  number={9},
  pages={1601},
  year={2007},
  publisher={Springer Science \& Business Media}
}
@article{yang2015estimation,
  title={Estimation of flood damage functions for river basin planning: a case study in Bangladesh},
  author={Yang, Ethan and Ray, Patrick A and Brown, Casey M and Khalil, Abedalrazq F and Winston, H Yu and others},
  journal={Natural Hazards},
  volume={75},
  number={3},
  pages={2773},
  year={2015},
  publisher={Springer Science \& Business Media}
}
@article{poussin2014factors,
  title={Factors of influence on flood damage mitigation behaviour by households},
  author={Poussin, Jennifer K and Botzen, WJ Wouter and Aerts, Jeroen CJH},
  journal={Environmental Science \& Policy},
  volume={40},
  pages={69--77},
  year={2014},
  publisher={Elsevier}
}
@article{wagenaar2017multi,
  title={Multi-variable flood damage modelling with limited data using supervised learning approaches},
  author={Wagenaar, Dennis and Jong, Jurjen de and Bouwer, Laurens M},
  journal={Natural Hazards and Earth System Sciences},
  volume={17},
  number={9},
  pages={1683--1696},
  year={2017},
  publisher={Copernicus GmbH}
}
@article{bubeck2012long,
  title={Long-term development and effectiveness of private flood mitigation measures: an analysis for the German part of the river Rhine},
  author={Bubeck, P and Botzen, WJW and Kreibich, H and Aerts, JCJH and others},
  journal={Natural Hazards and Earth System Sciences},
  volume={12},
  pages={3507--3518},
  year={2012}
}
@article{kellens2013perception,
  title={Perception and communication of flood risks: a systematic review of empirical research},
  author={Kellens, Wim and Terpstra, Teun and De Maeyer, Philippe},
  journal={Risk Analysis: An International Journal},
  volume={33},
  number={1},
  pages={24--49},
  year={2013},
  publisher={Wiley Online Library}
}
@article{dasgupta2007floods,
  title={Floods and poverty traps: Evidence from Bangladesh},
  author={Dasgupta, Amrita},
  journal={Economic and Political Weekly},
  pages={3166--3171},
  year={2007},
  publisher={JSTOR}
}
@article{thieken2007coping,
  title={Coping with floods: preparedness, response and recovery of flood-affected residents in Germany in 2002},
  author={Thieken, Annegret H and Kreibich, Heidi and M{\"u}ller, Meike and Merz, Bruno},
  journal={Hydrological Sciences Journal},
  volume={52},
  number={5},
  pages={1016--1037},
  year={2007},
  publisher={Taylor \& Francis}
}
@article{masozera2007distribution,
  title={Distribution of impacts of natural disasters across income groups: A case study of New Orleans},
  author={Masozera, Michel and Bailey, Melissa and Kerchner, Charles},
  journal={Ecological Economics},
  volume={63},
  number={2},
  pages={299--306},
  year={2007},
  publisher={Elsevier}
}
@article{pelling1997determines,
  title={What determines vulnerability to floods; a case study in Georgetown, Guyana},
  author={Pelling, Mark},
  journal={Environment and Urbanization},
  volume={9},
  number={1},
  pages={203--226},
  year={1997},
  publisher={Sage Publications Sage CA: Thousand Oaks, CA}
}
@article{messner2006flood,
  title={Flood damage, vulnerability and risk perception--challenges for flood damage research},
  author={Messner, Frank and Meyer, Volker},
  journal={Flood risk management: hazards, vulnerability and mitigation measures},
  pages={149--167},
  year={2006},
  publisher={Springer}
}
@article{kadane2004methods,
  title={Methods and criteria for model selection},
  author={Kadane, Joseph B and Lazar, Nicole A},
  journal={Journal of the American statistical Association},
  volume={99},
  number={465},
  pages={279--290},
  year={2004},
  publisher={Taylor \& Francis}
}

@article{poole1971assumptions,
  title={The assumptions of the linear regression model},
  author={Poole, Michael A and O'Farrell, Patrick N},
  journal={Transactions of the Institute of British Geographers},
  pages={145--158},
  year={1971},
  publisher={JSTOR}
}
@book{tukey1977exploratory,
  author = {Tukey, John W.},
  keywords = {eda statistics},
  publisher = {Addison-Wesley},
  title = {Exploratory Data Analysis},
  year = 1977
}


@article{durbin1951testing,
  title={Testing for serial correlation in least squares regression. II},
  author={Durbin, James and Watson, Geoffrey S},
  journal={Biometrika},
  volume={38},
  number={1/2},
  pages={159--177},
  year={1951},
  publisher={JSTOR}
}
@article{breiman2001random,
  title={Random forests},
  author={Breiman, Leo},
  journal={Machine learning},
  volume={45},
  number={1},
  pages={5--32},
  year={2001},
  publisher={Springer}
}
@article{de2007boosted,
  title={Boosted trees for ecological modeling and prediction},
  author={De'Ath, Glenn},
  journal={Ecology},
  volume={88},
  number={1},
  pages={243--251},
  year={2007},
  publisher={Wiley Online Library}
}
@article{rosenblatt1958perceptron,
  title={The perceptron: A probabilistic model for information storage and organization in the brain.},
  author={Rosenblatt, Frank},
  journal={Psychological review},
  volume={65},
  number={6},
  pages={386},
  year={1958},
  publisher={American Psychological Association}
}
@techreport{rumelhart1985learning,
  title={Learning internal representations by error propagation},
  author={Rumelhart, David E and Hinton, Geoffrey E and Williams, Ronald J},
  year={1985},
  institution={California Univ San Diego La Jolla Inst for Cognitive Science}
}
@techreport{belsley1980regression,
  title={Regression diagnostics; identifying influential data and sources of collinearity},
  author={Belsley, David A David A},
  year={1980}
}
@book{chatterjee1977regression,
  title={Regression analysis by example},
  author={Chatterjee, Samprit and Hadi, Ali S},
  year={2015},
  publisher={John Wiley \& Sons}
}
@phdthesis{islam1997impacts,
  title={The impacts of flooding and methods of assessment in urban areas of Bangladesh},
  author={Islam, KM},
  year={1997},
  school={Middlesex University}
}
@incollection{akaike1998information,
  title={Information theory and an extension of the maximum likelihood principle},
  author={Akaike, Hirotogu},
  booktitle={Selected papers of hirotugu akaike},
  pages={199--213},
  year={1998},
  publisher={Springer}
}
@article{kreibich2011recent,
  title={Recent changes in flood preparedness of private households and businesses in Germany},
  author={Kreibich, Heidi and Seifert, Isabel and Thieken, Annegret H and Lindquist, Eric and Wagner, Klaus and Merz, Bruno},
  journal={Regional environmental change},
  volume={11},
  number={1},
  pages={59--71},
  year={2011},
  publisher={Springer}
}
@article{chen2012estimation,
  title={Estimation of the spatial rainfall distribution using inverse distance weighting (IDW) in the middle of Taiwan},
  author={Chen, Feng-Wen and Liu, Chen-Wuing},
  journal={Paddy and Water Environment},
  volume={10},
  number={3},
  pages={209--222},
  year={2012},
  publisher={Springer}
}
@article{zimmerman1999experimental,
  title={An experimental comparison of ordinary and universal kriging and inverse distance weighting},
  author={Zimmerman, Dale and Pavlik, Claire and Ruggles, Amy and Armstrong, Marc P},
  journal={Mathematical Geology},
  volume={31},
  number={4},
  pages={375--390},
  year={1999},
  publisher={Springer}
}
@article{breusch1979simple,
  title={A simple test for heteroscedasticity and random coefficient variation},
  author={Breusch, Trevor S and Pagan, Adrian R},
  journal={Econometrica: Journal of the Econometric Society},
  pages={1287--1294},
  year={1979},
  publisher={JSTOR}
}
@book{plapp2004wahrnehmung,
  title={Wahrnehmung von Risiken aus Naturkatastrophen: eine empirische Untersuchung in sechs gef{\"a}hrdeten Gebieten S{\"u}d-und Westdeutschlands},
  author={Plapp, Tina},
  volume={2},
  year={2004},
  publisher={VVW GmbH}
}
@article{kreibich2005flood,
  title={Flood loss reduction of private households due to building precautionary measures--lessons learned from the Elbe flood in August 2002},
  author={Kreibich, Heidi and Thieken, Annegret H and Petrow, Th and M{\"u}ller, Meike and Merz, Bruno},
  journal={Natural Hazards and Earth System Science},
  volume={5},
  number={1},
  pages={117--126},
  year={2005}
}
@article{islam2012coping,
  title={Coping techniques of local people to flood and river erosion in char areas of Bangladesh},
  author={Islam, MS and Hasan, T and Chowdhury, MSIR and Rahaman, MH and Tusher, TR},
  journal={Journal of Environmental Science and Natural Resources},
  volume={5},
  number={2},
  pages={251--261},
  year={2012}
}
@article{dawson2008attribution,
  title={Attribution of flood risk in urban areas},
  author={Dawson, RJ and Speight, L and Hall, JW and Djordjevic, S and Savic, D and Leandro, J},
  journal={Journal of Hydroinformatics},
  volume={10},
  number={4},
  pages={275--288},
  year={2008},
  publisher={IWA Publishing}
}
@article{mosteller1968data,
  title={Data analysis, including statistics},
  author={Mosteller, Frederick and Tukey, John W},
  journal={Handbook of social psychology},
  volume={2},
  pages={80--203},
  year={1968}
}

